@article{coombs1987markup,
  title={Markup systems and the future of scholarly text processing},
  author={Coombs, James H and Renear, Allen H and DeRose, Steven J},
  journal={Communications of the ACM},
  volume={30},
  number={11},
  pages={933--947},
  year={1987},
  publisher={ACM}
}

@article{bradski2000opencv,
  title={The openCV library.},
  author={Bradski, Gary},
  journal={Dr. Dobb's Journal: Software Tools for the Professional Programmer},
  volume={25},
  number={11},
  pages={120--123},
  year={2000},
  publisher={Miller Freeman Inc.}
}

@misc{ enwiki:1065665260,
	author = "{Wikipedia contributors}",
	title = "MusicXML --- {Wikipedia}{,} The Free Encyclopedia",
	year = "2022",
	howpublished = "\url{https://en.wikipedia.org/w/index.php?title=MusicXML&oldid=1065665260}",
	note = "[Online; accessed 2-April-2022]"
}